@Misc{dokumentace,
    author    = "Microsoft",
    title     = "Dokumentace k jazyku C\#",
    year      = "2021",
    note      = "[online], [cit. 2021-11-12]",
    url       = "https://docs.microsoft.com/cs-cz/dotnet/csharp/"
}

@Misc{citace,
    author    = "Tilia Cordata authors",
    title     = "Citace internetových zdrojů v BibTeXu",
    year      = "2021",
    note      = "[online], [cit. 2021-11-12]",
    url       = "http://tilia.wikidot.com/citace-internetovych-zdroju-v-bibtexu"
}

 @misc{ wiki:pi,
   author = "Wikipedie",
   title = "Pí (číslo) --- Wikipedie: Otevřená encyklopedie",
   year = "2021",
   url = "https://cs.wikipedia.org/w/index.php?title=P%C3%AD_(%C4%8D%C3%ADslo)&oldid=20398279",
   note = "[Online; cit. 12. 11. 2021]"
 }
 
 @MastersThesis{Historie_pi,
   author = {Bernátová, Eliška},
   title = {Historie čísla \pi},
   school = {Univerzita Karlova},
   year = {2021},
   url = "http://hdl.handle.net/20.500.11956/51152",
   note = "[Online; cit. 12. 11. 2021]"
}

 @misc{ zvyrazneni_kodu,
   author = "Overleaf",
   title = "Code listing",
   year = "2021",
   url = "https://cs.overleaf.com/learn/latex/Code_listing",
   note = "[Online; cit. 12. 11. 2021]"
 }

@Misc{clisting,
    title     = "How to change listing caption?",
    year      = "2012",
    note      = "[online], [cit. 2021-11-13]",
    url       = "http://tilia.wikidot.com/citace-internetovych-zdroju-v-bibtexu"
}

@misc{aproximace_pi,

	AUTHOR = "FRANK, Jan",
	TITLE = "Číslo \recke{pi} a jeho aproximace [online]",
	YEAR = "2014 [cit. 2021-11-13]",
	TYPE = "Bakalářská práce", 
	SCHOOL = "Západočeská univerzita v Plzni, Fakulta pedagogickáPlzeň",
	SUPERVISOR = "Doc. RNDr. Jaroslav Hora, CSc.", 
	URL = "Dostupné z WWW <https://theses.cz/id/ysaypx/>",
}